@misc{mlrg,
    title={Machine Learning Renormalization Group for Statistical Physics}, 
    author={Wanda Hou and Yi-Zhuang You},
    year={2023},
    eprint={2306.11054},
    archivePrefix={arXiv},
    primaryClass={cond-mat.stat-mech},
    url={https://arxiv.org/abs/2306.11054}, 
}

@article{fisher-rg,
    title = {The renormalization group in the theory of critical behavior},
    author = {Fisher, Michael E.},
    journal = {Rev. Mod. Phys.},
    volume = {46},
    issue = {4},
    pages = {597--616},
    numpages = {0},
    year = {1974},
    month = {Oct},
    publisher = {American Physical Society},
    doi = {10.1103/RevModPhys.46.597},
    url = {https://link.aps.org/doi/10.1103/RevModPhys.46.597}
}

@article{wilson-rg,
    title = {Renormalization Group and Critical Phenomena. I. Renormalization Group and the Kadanoff Scaling Picture},
    author = {Wilson, Kenneth G.},
    journal = {Phys. Rev. B},
    volume = {4},
    issue = {9},
    pages = {3174--3183},
    numpages = {0},
    year = {1971},
    month = {Nov},
    publisher = {American Physical Society},
    doi = {10.1103/PhysRevB.4.3174},
    url = {https://link.aps.org/doi/10.1103/PhysRevB.4.3174}
}

@article{kadanoff-blocking,
    title = {Scaling laws for ising models near ${T}_{c}$},
    author = {Kadanoff, Leo P.},
    journal = {Physics Physique Fizika},
    volume = {2},
    issue = {6},
    pages = {263--272},
    numpages = {10},
    year = {1966},
    month = {Jun},
    publisher = {American Physical Society},
    doi = {10.1103/PhysicsPhysiqueFizika.2.263},
    url = {https://link.aps.org/doi/10.1103/PhysicsPhysiqueFizika.2.263}
}

@article{brush-ising,
    title = {History of the Lenz-Ising Model},
    author = {Brush, Stephen G.},
    journal = {Rev. Mod. Phys.},
    volume = {39},
    issue = {4},
    pages = {883--893},
    numpages = {0},
    year = {1967},
    month = {Oct},
    publisher = {American Physical Society},
    doi = {10.1103/RevModPhys.39.883},
    url = {https://link.aps.org/doi/10.1103/RevModPhys.39.883}
}

@article{ising,
    author = "Ising, Ernst",
    title = "{Contribution to the Theory of Ferromagnetism}",
    doi = "10.1007/BF02980577",
    journal = "Z. Phys.",
    volume = "31",
    pages = "253--258",
    year = "1925"
}

@Inbook{hinton-rbm,
    author="Hinton, Geoffrey E.",
    editor="Montavon, Gr{\'e}goire
    and Orr, Genevi{\`e}ve B.
    and M{\"u}ller, Klaus-Robert",
    title="A Practical Guide to Training Restricted Boltzmann Machines",
    bookTitle="Neural Networks: Tricks of the Trade: Second Edition",
    year="2012",
    publisher="Springer Berlin Heidelberg",
    address="Berlin, Heidelberg",
    pages="599--619",
    abstract="Restricted Boltzmann machines (RBMs) have been used as generative models of many different types of data. RBMs are usually trained using the contrastive divergence learning procedure. This requires a certain amount of practical experience to decide how to set the values of numerical meta-parameters. Over the last few years, the machine learning group at the University of Toronto has acquired considerable expertise at training RBMs and this guide is an attempt to share this expertise with other machine learning researchers.",
    isbn="978-3-642-35289-8",
    doi="10.1007/978-3-642-35289-8_32",
    url="https://doi.org/10.1007/978-3-642-35289-8_32"
}

@article{universal-approximation,
    title = {Multilayer feedforward networks are universal approximators},
    journal = {Neural Networks},
    volume = {2},
    number = {5},
    pages = {359-366},
    year = {1989},
    issn = {0893-6080},
    doi = {https://doi.org/10.1016/0893-6080(89)90020-8},
    url = {https://www.sciencedirect.com/science/article/pii/0893608089900208},
    author = {Kurt Hornik and Maxwell Stinchcombe and Halbert White},
    keywords = {Feedforward networks, Universal approximation, Mapping networks, Network representation capability, Stone-Weierstrass Theorem, Squashing functions, Sigma-Pi networks, Back-propagation networks},
}

@article{relu-approximation,
    title = {Optimal approximation rate of ReLU networks in terms of width and depth},
    journal = {Journal de Mathématiques Pures et Appliquées},
    volume = {157},
    pages = {101-135},
    year = {2022},
    issn = {0021-7824},
    doi = {https://doi.org/10.1016/j.matpur.2021.07.009},
    url = {https://www.sciencedirect.com/science/article/pii/S0021782421001124},
    author = {Zuowei Shen and Haizhao Yang and Shijun Zhang},
    keywords = {Deep ReLU networks, Optimal approximation, VC-dimension, Bit extraction},
}

@misc{betancourt-hmc,
    title={A Conceptual Introduction to Hamiltonian Monte Carlo}, 
    author={Betancourt, Michael},
    year={2018},
    eprint={1701.02434},
    archivePrefix={arXiv},
    primaryClass={stat.ME},
    url={https://arxiv.org/abs/1701.02434}, 
}

@article{duane-hmc,
    title = {Hybrid Monte Carlo},
    journal = {Physics Letters B},
    volume = {195},
    number = {2},
    pages = {216-222},
    year = {1987},
    issn = {0370-2693},
    doi = {https://doi.org/10.1016/0370-2693(87)91197-X},
    url = {https://www.sciencedirect.com/science/article/pii/037026938791197X},
    author = {Simon Duane and A.D. Kennedy and Brian J. Pendleton and Duncan Roweth},
}

@article{kl-divergence,
    author = {S. Kullback and R. A. Leibler},
    title = {{On Information and Sufficiency}},
    volume = {22},
    journal = {The Annals of Mathematical Statistics},
    number = {1},
    publisher = {Institute of Mathematical Statistics},
    pages = {79 -- 86},
    year = {1951},
    doi = {10.1214/aoms/1177729694},
    URL = {https://doi.org/10.1214/aoms/1177729694}
}

@article{contrastive-divergence,
    author={Hinton, Geoffrey E.},
    journal={Neural Computation}, 
    title={Training Products of Experts by Minimizing Contrastive Divergence}, 
    year={2002},
    volume={14},
    number={8},
    pages={1771-1800},
    doi={10.1162/089976602760128018}
}

@inproceedings{carreira-cd,
    title={On contrastive divergence learning},
    author={Carreira-Perpinan, Miguel A and Hinton, Geoffrey},
    booktitle={International workshop on artificial intelligence and statistics},
    pages={33--40},
    year={2005},
    organization={PMLR}
}

@article{bengio-cd,
    author={Bengio, Yoshua and Delalleau, Olivier},
    journal={Neural Computation}, 
    title={Justifying and Generalizing Contrastive Divergence}, 
    year={2009},
    volume={21},
    number={6},
    pages={1601-1621},
    keywords={},
    doi={10.1162/neco.2008.11-07-647}
}


@InProceedings{sutskever-cd,
    title = 	 {On the Convergence Properties of Contrastive Divergence},
    author = 	 {Sutskever, Ilya and Tieleman, Tijmen},
    booktitle = 	 {Proceedings of the Thirteenth International Conference on Artificial Intelligence and Statistics},
    pages = 	 {789--795},
    year = 	 {2010},
    editor = 	 {Teh, Yee Whye and Titterington, Mike},
    volume = 	 {9},
    series = 	 {Proceedings of Machine Learning Research},
    address = 	 {Chia Laguna Resort, Sardinia, Italy},
    month = 	 {13--15 May},
    publisher =    {PMLR},
    pdf = 	 {http://proceedings.mlr.press/v9/sutskever10a/sutskever10a.pdf},
    url = 	 {https://proceedings.mlr.press/v9/sutskever10a.html},
}

@article{backprop,
    title={Learning representations by back-propagating errors},
    author={David E. Rumelhart and Geoffrey E. Hinton and Ronald J. Williams},
    journal={Nature},
    year={1986},
    volume={323},
    pages={533-536},
    url={https://api.semanticscholar.org/CorpusID:205001834}
}

@misc{pytorch,
    title={PyTorch: An Imperative Style, High-Performance Deep Learning Library}, 
    author={Adam Paszke and Sam Gross and Francisco Massa and Adam Lerer and James Bradbury and Gregory Chanan and Trevor Killeen and Zeming Lin and Natalia Gimelshein and Luca Antiga and Alban Desmaison and Andreas Köpf and Edward Yang and Zach DeVito and Martin Raison and Alykhan Tejani and Sasank Chilamkurthy and Benoit Steiner and Lu Fang and Junjie Bai and Soumith Chintala},
    year={2019},
    eprint={1912.01703},
    archivePrefix={arXiv},
    primaryClass={cs.LG},
    url={https://arxiv.org/abs/1912.01703}, 
}

@article{c-theorem,
    author = {{Zomolodchikov}, A.~B.},
    title = "{``Irreversibility'' of the flux of the renormalization group in a 2D field theory}",
    journal = {Soviet Journal of Experimental and Theoretical Physics Letters},
    year = {1986},
    month = {June},
    volume = {43},
    pages = {730},
    adsurl = {https://ui.adsabs.harvard.edu/abs/1986JETPL..43..730Z},
    adsnote = {Provided by the SAO/NASA Astrophysics Data System}
}
