@paper{mlrg,
    author = {Hou, Wanda}, 
    year = {2023},
    title = {
        Machine Learning Renormalization Group for Statistical Physics
    },
    url = {
        https://arxiv.org/abs/2306.11054
    },
}